@online{hsv,
  title = {The {{HSV}} color model mapped to a cylinder},
  author = {SharkDderivative work: SharkD Talk - HSV\_color\_solid\_cylinder.png, CC BY-SA 3.0},
  url = {https://commons.wikimedia.org/w/index.php?curid=9801673 [16-03-19]}
}

@online{Oliveira,
  title = {Available at: {{https://www.neurosurgicalatlas.com/neuroanatomy/summary-of-the-optic-radiation-relations-with-the-sulci-gyri-and-lateral-ve}}},
  author = {family=Oliveira, given=E, prefix=de, useprefix=false},
  url = {https://www.neurosurgicalatlas.com/neuroanatomy/summary-of-the-optic-radiation-relations-with-the-sulci-gyri-and-lateral-ve},
  keywords = {image,MRes,presentation}
}

@online{rg,
  title = {Normalized rg {{Color Space}}},
  author = {Vampyrium - Plot generated with an Object Pascal program I written myself, CC BY-SA 3.0},
  url = {https://en.wikipedia.org/w/index.php?curid=46627384 [16-03-19]}
}

@online{rgb,
  title = {{{RGB-Cube}} - {{Own}} work {{Source-code}} available at the {{POV-Ray Object Collection}}., {{CC BY-SA}} 4.0},
  author = {Work., SharkD - Own},
  url = {https://commons.wikimedia.org/w/index.php?curid=3375025}
}

@misc{sh,
  title = {Own work, {{CC BY-SA}} 3.0},
  author = {{Inigo.quilez}},
  publisher = {{CC BY-SA 3.0}},
  url = {https://commons.wikimedia.org/w/index.php?curid=32782753},
  keywords = {image,MRes}
}
